
<record>
<recordSchema>marcxml</recordSchema>
<recordPacking>xml</recordPacking>
<recordData>
<record xmlns="http://www.loc.gov/MARC21/slim">
<leader>01522nam a2200457 cb4500</leader>
<controlfield tag="001">990056743370603338</controlfield>
<controlfield tag="005">20230526195706.0</controlfield>
<controlfield tag="007">tu</controlfield>
<controlfield tag="008">171023|2015 ||| ||| | spa c</controlfield>
<controlfield tag="009">AC14476054</controlfield>
<datafield ind1=" " ind2=" " tag="015">
<subfield code="a">17,A32</subfield>
<subfield code="2">dnb</subfield>
</datafield>
<datafield ind1=" " ind2=" " tag="015">
<subfield code="a">OeBC</subfield>
<subfield code="2">oeb</subfield>
</datafield>
<datafield ind1="7" ind2=" " tag="016">
<subfield code="a">1097247147</subfield>
<subfield code="2">DE-101b</subfield>
</datafield>
<datafield ind1=" " ind2=" " tag="020">
<subfield code="a">9788467582468</subfield>
<subfield code="c">Broschur</subfield>
</datafield>
<datafield ind1=" " ind2=" " tag="020">
<subfield code="a">8467582464</subfield>
</datafield>
<datafield ind1=" " ind2=" " tag="035">
<subfield code="a">(AT-OBV)AC14476054</subfield>
</datafield>
<datafield ind1=" " ind2=" " tag="035">
<subfield code="a">AC14476054</subfield>
</datafield>
<datafield ind1=" " ind2=" " tag="035">
<subfield code="a">(Aleph)014263447ACC01</subfield>
</datafield>
<datafield ind1=" " ind2=" " tag="035">
<subfield code="a">(DE-599)DNB1097247147</subfield>
</datafield>
<datafield ind1=" " ind2=" " tag="035">
<subfield code="a">(EXLNZ-43ACC_NETWORK)990142634470203331</subfield>
</datafield>
<datafield ind1=" " ind2=" " tag="040">
<subfield code="a">ONB</subfield>
<subfield code="b">ger</subfield>
<subfield code="c">DNB</subfield>
<subfield code="d">AT-OeNB</subfield>
<subfield code="e">rda</subfield>
</datafield>
<datafield ind1=" " ind2=" " tag="041">
<subfield code="a">spa</subfield>
<subfield code="h">ger</subfield>
</datafield>
<datafield ind1=" " ind2=" " tag="044">
<subfield code="c">XA-ES</subfield>
</datafield>
<datafield ind1="1" ind2=" " tag="100">
<subfield code="a">Brezina, Thomas</subfield>
<subfield code="d">1963-</subfield>
<subfield code="0">(DE-588)119501244</subfield>
<subfield code="4">aut</subfield>
</datafield>
<datafield ind1="1" ind2="0" tag="240">
<subfield code="a">Geisterschiff ahoi!</subfield>
</datafield>
<datafield ind1="1" ind2="0" tag="245">
<subfield code="a">¡Ah del barco fantasma!</subfield>
<subfield code="c">
Thomas Brezina ; ilustraciones de Pablo Tambuscio ; traducción: José Antonio Santiago-Tagle
</subfield>
</datafield>
<datafield ind1=" " ind2=" " tag="250">
<subfield code="a">Primera edición</subfield>
</datafield>
<datafield ind1=" " ind2="1" tag="264">
<subfield code="a">Boadilla del Monte (Madrid)</subfield>
<subfield code="b">SM</subfield>
<subfield code="c">octubre de 2015</subfield>
</datafield>
<datafield ind1=" " ind2=" " tag="300">
<subfield code="a">203 Seiten</subfield>
<subfield code="b">Illustrationen</subfield>
<subfield code="c">22 cm</subfield>
</datafield>
<datafield ind1=" " ind2=" " tag="336">
<subfield code="b">txt</subfield>
</datafield>
<datafield ind1=" " ind2=" " tag="336">
<subfield code="b">sti</subfield>
</datafield>
<datafield ind1=" " ind2=" " tag="337">
<subfield code="b">n</subfield>
</datafield>
<datafield ind1=" " ind2=" " tag="338">
<subfield code="b">nc</subfield>
</datafield>
<datafield ind1="1" ind2=" " tag="490">
<subfield code="a">Todos mis monstruos / Thomas Brezina</subfield>
<subfield code="v">9</subfield>
</datafield>
<datafield ind1=" " ind2="7" tag="655">
<subfield code="a">Kinderbuch</subfield>
<subfield code="0">(DE-588)4303251-5</subfield>
<subfield code="2">gnd-content</subfield>
</datafield>
<datafield ind1="0" ind2="0" tag="689">
<subfield code="a">Spuk</subfield>
<subfield code="D">s</subfield>
<subfield code="0">(DE-588)4077761-3</subfield>
</datafield>
<datafield ind1="0" ind2=" " tag="689">
<subfield code="5">AT-OBV</subfield>
<subfield code="5">DNB</subfield>
</datafield>
<datafield ind1="1" ind2=" " tag="700">
<subfield code="a">Tambuscio, Pablo</subfield>
<subfield code="d">1981-</subfield>
<subfield code="0">(DE-588)1043515224</subfield>
<subfield code="4">ill</subfield>
</datafield>
<datafield ind1="1" ind2=" " tag="700">
<subfield code="a">Santiago Tagle, José Antonio</subfield>
<subfield code="0">(DE-588)1022231030</subfield>
<subfield code="4">trl</subfield>
</datafield>
<datafield ind1=" " ind2="0" tag="830">
<subfield code="w">(AT-OBV)AC05249762</subfield>
<subfield code="v">9</subfield>
</datafield>
<datafield ind1="4" ind2="2" tag="856">
<subfield code="m">B:DE-101</subfield>
<subfield code="q">application/pdf</subfield>
<subfield code="u">http://d-nb.info/1097247147/04</subfield>
<subfield code="x">DNB-TOC</subfield>
<subfield code="3">Inhaltsverzeichnis</subfield>
<subfield code="o">OBV-EDOC-DNBTOC</subfield>
</datafield>
<datafield ind1="1" ind2=" " tag="970">
<subfield code="c">56</subfield>
</datafield>
<datafield ind1="0" ind2=" " tag="980">
<subfield code="a">DNB</subfield>
<subfield code="9">local</subfield>
</datafield>
<datafield ind1=" " ind2=" " tag="AVA">
<subfield code="0">990056743370603338</subfield>
<subfield code="8">22310925710003338</subfield>
<subfield code="a">43ACC_ONB</subfield>
<subfield code="b">ZNEU</subfield>
<subfield code="c">Main Stacks at Heldenplatz (MAG)</subfield>
<subfield code="d">2115562-B</subfield>
<subfield code="e">available</subfield>
<subfield code="f">1</subfield>
<subfield code="g">0</subfield>
<subfield code="j">MAG</subfield>
<subfield code="p">1</subfield>
<subfield code="q">Central Service Facility at Heldenplatz</subfield>
</datafield>
</record>
</recordData>
<recordIdentifier>990056743370603338</recordIdentifier>
<recordPosition>2</recordPosition>
</record>