
<record>
<recordSchema>marcxml</recordSchema>
<recordPacking>xml</recordPacking>
<recordData>
<record xmlns="http://www.loc.gov/MARC21/slim">
<leader>01329nam a2200397 cb4500</leader>
<controlfield tag="001">990037600490603338</controlfield>
<controlfield tag="005">20230708205548.0</controlfield>
<controlfield tag="007">tu</controlfield>
<controlfield tag="008">110426|2010####|||###########|||#u#spa#c</controlfield>
<controlfield tag="009">AC08497029</controlfield>
<datafield ind1=" " ind2=" " tag="015">
<subfield code="a">OeBC</subfield>
<subfield code="2">oeb</subfield>
</datafield>
<datafield ind1="7" ind2=" " tag="016">
<subfield code="a">1001151828</subfield>
<subfield code="2">DE-101b</subfield>
</datafield>
<datafield ind1=" " ind2=" " tag="020">
<subfield code="a">9788483430873</subfield>
<subfield code="c">kart.</subfield>
</datafield>
<datafield ind1=" " ind2=" " tag="035">
<subfield code="a">(AT-OBV)AC08497029</subfield>
</datafield>
<datafield ind1=" " ind2=" " tag="035">
<subfield code="a">AC08497029</subfield>
</datafield>
<datafield ind1=" " ind2=" " tag="035">
<subfield code="a">(Aleph)008529523ACC01</subfield>
</datafield>
<datafield ind1=" " ind2=" " tag="035">
<subfield code="a">(DE-599)DNB1001151828</subfield>
</datafield>
<datafield ind1=" " ind2=" " tag="035">
<subfield code="a">(EXLNZ-43ACC_NETWORK)990085295230203331</subfield>
</datafield>
<datafield ind1=" " ind2=" " tag="040">
<subfield code="a">ONB</subfield>
<subfield code="b">ger</subfield>
<subfield code="c">DNB</subfield>
<subfield code="d">ONB</subfield>
<subfield code="e">rakddb</subfield>
</datafield>
<datafield ind1=" " ind2=" " tag="041">
<subfield code="a">spa</subfield>
<subfield code="h">ger</subfield>
</datafield>
<datafield ind1=" " ind2=" " tag="044">
<subfield code="c">XA-ES</subfield>
</datafield>
<datafield ind1=" " ind2=" " tag="084">
<subfield code="a">18.10</subfield>
<subfield code="2">bkl</subfield>
</datafield>
<datafield ind1=" " ind2=" " tag="084">
<subfield code="a">17.97</subfield>
<subfield code="2">bkl</subfield>
</datafield>
<datafield ind1=" " ind2=" " tag="090">
<subfield code="a">b</subfield>
<subfield code="h">h</subfield>
</datafield>
<datafield ind1="1" ind2=" " tag="100">
<subfield code="a">Nöstlinger, Christine</subfield>
<subfield code="d">1936-2018</subfield>
<subfield code="0">(DE-588)118811738</subfield>
<subfield code="4">aut</subfield>
</datafield>
<datafield ind1="1" ind2="0" tag="240">
<subfield code="a">Achtung! Vranek sieht ganz harmlos aus</subfield>
<subfield code="l">span.</subfield>
</datafield>
<datafield ind1="1" ind2="0" tag="245">
<subfield code="a">¡Ojo! ¡Vranek parece totalmente inofensivo!</subfield>
<subfield code="c">
de Christine Nöstlinger (en realidad, de Lele Binder). Ilustraciones de Monse Fransoy (en realidad también, de Lele Binder). Trad. de Soraya Hernán-Gómez
</subfield>
</datafield>
<datafield ind1=" " ind2=" " tag="250">
<subfield code="a">1. ed.</subfield>
</datafield>
<datafield ind1=" " ind2="1" tag="264">
<subfield code="a">[Barcelona]</subfield>
<subfield code="b">Ed. Bambú</subfield>
<subfield code="c">2010</subfield>
</datafield>
<datafield ind1=" " ind2=" " tag="300">
<subfield code="a">214 S.</subfield>
<subfield code="b">Ill.</subfield>
<subfield code="c">22 cm</subfield>
</datafield>
<datafield ind1="1" ind2=" " tag="490">
<subfield code="a">Jóvenes lectores</subfield>
<subfield code="v">13</subfield>
</datafield>
<datafield ind1="0" ind2=" " tag="490">
<subfield code="a">Aventuras + humor</subfield>
</datafield>
<datafield ind1=" " ind2="7" tag="655">
<subfield code="a">Kinderbuch</subfield>
<subfield code="0">(DE-588)4303251-5</subfield>
<subfield code="2">gnd-content</subfield>
</datafield>
<datafield ind1="1" ind2=" " tag="700">
<subfield code="a">Hernán-Gómez, Soraya</subfield>
<subfield code="0">(DE-588)136635180</subfield>
<subfield code="4">trl</subfield>
</datafield>
<datafield ind1="1" ind2=" " tag="700">
<subfield code="a">Fransoy, Monse</subfield>
<subfield code="4">ill</subfield>
</datafield>
<datafield ind1=" " ind2="0" tag="830">
<subfield code="w">(AT-OBV)AC08705876</subfield>
<subfield code="v">13</subfield>
</datafield>
<datafield ind1="1" ind2=" " tag="970">
<subfield code="c">56</subfield>
</datafield>
<datafield ind1="0" ind2=" " tag="980">
<subfield code="a">DNB</subfield>
<subfield code="9">LOCAL</subfield>
</datafield>
<datafield ind1=" " ind2=" " tag="982">
<subfield code="f">Deutsch o</subfield>
<subfield code="9">LOCAL</subfield>
</datafield>
<datafield ind1=" " ind2=" " tag="982">
<subfield code="f">Spanisch ü</subfield>
<subfield code="9">LOCAL</subfield>
</datafield>
<datafield ind1=" " ind2=" " tag="AVA">
<subfield code="0">990037600490603338</subfield>
<subfield code="8">22326932920003338</subfield>
<subfield code="a">43ACC_ONB</subfield>
<subfield code="b">ZNEU</subfield>
<subfield code="c">Main Stacks at Heldenplatz (MAG)</subfield>
<subfield code="d">1956937-B</subfield>
<subfield code="e">available</subfield>
<subfield code="f">1</subfield>
<subfield code="g">0</subfield>
<subfield code="j">MAG</subfield>
<subfield code="p">1</subfield>
<subfield code="q">Central Service Facility at Heldenplatz</subfield>
</datafield>
</record>
</recordData>
<recordIdentifier>990037600490603338</recordIdentifier>
<recordPosition>3</recordPosition>
</record>