
<record>
<recordSchema>marcxml</recordSchema>
<recordPacking>xml</recordPacking>
<recordData>
<record xmlns="http://www.loc.gov/MARC21/slim">
<leader>01038nam a2200361 c 4500</leader>
<controlfield tag="001">990044392180603338</controlfield>
<controlfield tag="005">20230211183812.0</controlfield>
<controlfield tag="007">tu</controlfield>
<controlfield tag="008">140107|2010####|||###########|||#|#spa#c</controlfield>
<controlfield tag="009">AC11225127</controlfield>
<datafield ind1=" " ind2=" " tag="015">
<subfield code="a">OeBC</subfield>
<subfield code="2">oeb</subfield>
</datafield>
<datafield ind1="7" ind2=" " tag="016">
<subfield code="a">1027154328</subfield>
<subfield code="2">DE-101b</subfield>
</datafield>
<datafield ind1=" " ind2=" " tag="020">
<subfield code="a">9788492649310</subfield>
<subfield code="c">kart.</subfield>
</datafield>
<datafield ind1=" " ind2=" " tag="020">
<subfield code="a">8492649313</subfield>
</datafield>
<datafield ind1=" " ind2=" " tag="035">
<subfield code="a">(AT-OBV)AC11225127</subfield>
</datafield>
<datafield ind1=" " ind2=" " tag="035">
<subfield code="a">AC11225127</subfield>
</datafield>
<datafield ind1=" " ind2=" " tag="035">
<subfield code="a">(Aleph)011252952ACC01</subfield>
</datafield>
<datafield ind1=" " ind2=" " tag="035">
<subfield code="a">(DE-599)DNB1027154328</subfield>
</datafield>
<datafield ind1=" " ind2=" " tag="035">
<subfield code="a">(EXLNZ-43ACC_NETWORK)990112529520203331</subfield>
</datafield>
<datafield ind1=" " ind2=" " tag="040">
<subfield code="a">ONB</subfield>
<subfield code="b">ger</subfield>
<subfield code="c">DNB</subfield>
<subfield code="e">rakddb</subfield>
<subfield code="d">AT-OBV</subfield>
</datafield>
<datafield ind1=" " ind2=" " tag="041">
<subfield code="a">spa</subfield>
<subfield code="h">ger</subfield>
</datafield>
<datafield ind1=" " ind2=" " tag="044">
<subfield code="c">XA-ES</subfield>
</datafield>
<datafield ind1=" " ind2=" " tag="084">
<subfield code="a">18.10</subfield>
<subfield code="2">bkl</subfield>
</datafield>
<datafield ind1=" " ind2=" " tag="084">
<subfield code="a">17.97</subfield>
<subfield code="2">bkl</subfield>
</datafield>
<datafield ind1="1" ind2=" " tag="100">
<subfield code="a">Zweig, Stefan</subfield>
<subfield code="d">1881-1942</subfield>
<subfield code="0">(DE-588)118637479</subfield>
<subfield code="4">aut</subfield>
</datafield>
<datafield ind1="1" ind2="0" tag="240">
<subfield code="a">War er es?</subfield>
</datafield>
<datafield ind1="1" ind2="0" tag="245">
<subfield code="a">¿Fue él?</subfield>
<subfield code="c">Stefan Zweig. Trad. del alemán de Berta Vias Mahou</subfield>
</datafield>
<datafield ind1=" " ind2=" " tag="250">
<subfield code="a">1. reimpr.</subfield>
</datafield>
<datafield ind1=" " ind2="1" tag="264">
<subfield code="a">Barcelona</subfield>
<subfield code="b">Acantilado</subfield>
<subfield code="c">2010</subfield>
</datafield>
<datafield ind1=" " ind2=" " tag="300">
<subfield code="a">74 S.</subfield>
<subfield code="c">18 cm</subfield>
</datafield>
<datafield ind1="0" ind2=" " tag="490">
<subfield code="a">Cuadernos del Acantilado</subfield>
<subfield code="v">40</subfield>
</datafield>
<datafield ind1=" " ind2="7" tag="655">
<subfield code="a">Novelle</subfield>
<subfield code="2">bellobv</subfield>
</datafield>
<datafield ind1="1" ind2=" " tag="700">
<subfield code="a">Vias Mahou, Berta</subfield>
<subfield code="d">1961-</subfield>
<subfield code="0">(DE-588)124075924</subfield>
<subfield code="4">trl</subfield>
</datafield>
<datafield ind1="1" ind2=" " tag="970">
<subfield code="c">56</subfield>
</datafield>
<datafield ind1="0" ind2=" " tag="980">
<subfield code="a">DNB</subfield>
<subfield code="9">LOCAL</subfield>
</datafield>
<datafield ind1=" " ind2=" " tag="982">
<subfield code="f">Deutsch o</subfield>
<subfield code="9">LOCAL</subfield>
</datafield>
<datafield ind1=" " ind2=" " tag="982">
<subfield code="f">Spanisch ü</subfield>
<subfield code="9">LOCAL</subfield>
</datafield>
<datafield ind1=" " ind2=" " tag="AVA">
<subfield code="0">990044392180603338</subfield>
<subfield code="8">22234215700003338</subfield>
<subfield code="a">43ACC_ONB</subfield>
<subfield code="b">ZNEU</subfield>
<subfield code="c">Main Stacks at Heldenplatz (MAG)</subfield>
<subfield code="d">2020990-B</subfield>
<subfield code="e">available</subfield>
<subfield code="f">1</subfield>
<subfield code="g">0</subfield>
<subfield code="j">MAG</subfield>
<subfield code="p">1</subfield>
<subfield code="q">Central Service Facility at Heldenplatz</subfield>
</datafield>
</record>
</recordData>
<recordIdentifier>990044392180603338</recordIdentifier>
<recordPosition>4</recordPosition>
</record>