
<record>
<recordSchema>marcxml</recordSchema>
<recordPacking>xml</recordPacking>
<recordData>
<record xmlns="http://www.loc.gov/MARC21/slim">
<leader>01058nam a22003498c 4500</leader>
<controlfield tag="001">990038910480603338</controlfield>
<controlfield tag="005">20231207185940.0</controlfield>
<controlfield tag="007">tu</controlfield>
<controlfield tag="008">120326|2011####|||###########|||#u#ger#c</controlfield>
<controlfield tag="009">AC08964161</controlfield>
<datafield ind1=" " ind2=" " tag="015">
<subfield code="a">OeBC</subfield>
<subfield code="2">oeb</subfield>
</datafield>
<datafield ind1="7" ind2=" " tag="016">
<subfield code="a">1018287299</subfield>
<subfield code="2">DE-101b</subfield>
</datafield>
<datafield ind1=" " ind2=" " tag="020">
<subfield code="a">9783844808896</subfield>
</datafield>
<datafield ind1=" " ind2=" " tag="020">
<subfield code="a">3844808892</subfield>
</datafield>
<datafield ind1=" " ind2=" " tag="035">
<subfield code="a">(AT-OBV)AC08964161</subfield>
</datafield>
<datafield ind1=" " ind2=" " tag="035">
<subfield code="a">AC08964161</subfield>
</datafield>
<datafield ind1=" " ind2=" " tag="035">
<subfield code="a">(Aleph)008987828ACC01</subfield>
</datafield>
<datafield ind1=" " ind2=" " tag="035">
<subfield code="a">(DE-599)DNB1018287299</subfield>
</datafield>
<datafield ind1=" " ind2=" " tag="035">
<subfield code="a">(EXLNZ-43ACC_NETWORK)990089878280203331</subfield>
</datafield>
<datafield ind1=" " ind2=" " tag="040">
<subfield code="a">ONB</subfield>
<subfield code="b">ger</subfield>
<subfield code="c">DNB</subfield>
<subfield code="d">AT-OBV</subfield>
<subfield code="e">rakddb</subfield>
</datafield>
<datafield ind1=" " ind2=" " tag="041">
<subfield code="a">ger</subfield>
</datafield>
<datafield ind1=" " ind2=" " tag="044">
<subfield code="c">XA-DE</subfield>
</datafield>
<datafield ind1=" " ind2=" " tag="084">
<subfield code="a">18.10</subfield>
<subfield code="2">bkl</subfield>
</datafield>
<datafield ind1=" " ind2=" " tag="084">
<subfield code="a">17.97</subfield>
<subfield code="2">bkl</subfield>
</datafield>
<datafield ind1=" " ind2=" " tag="090">
<subfield code="h">h</subfield>
</datafield>
<datafield ind1="1" ind2=" " tag="100">
<subfield code="a">Heresch, André</subfield>
<subfield code="4">aut</subfield>
</datafield>
<datafield ind1="1" ind2="0" tag="245">
<subfield code="a">... ein Stück von mir</subfield>
<subfield code="b">ich verfolge meinen Weg</subfield>
<subfield code="c">André Heresch</subfield>
</datafield>
<datafield ind1=" " ind2="1" tag="264">
<subfield code="a">Norderstedt</subfield>
<subfield code="b">Books on Demand</subfield>
<subfield code="c">[2011]</subfield>
</datafield>
<datafield ind1=" " ind2=" " tag="300">
<subfield code="a">[116 S.]</subfield>
<subfield code="c">210 mm x 148 mm</subfield>
</datafield>
<datafield ind1=" " ind2="7" tag="655">
<subfield code="a">Erzählung</subfield>
<subfield code="2">bellobv</subfield>
</datafield>
<datafield ind1="0" ind2="8" tag="775">
<subfield code="i">Online-Ausg. u.d.T.</subfield>
<subfield code="t">... ein Stück von mir</subfield>
</datafield>
<datafield ind1="4" ind2="2" tag="856">
<subfield code="m">X:MVB</subfield>
<subfield code="q">text/html</subfield>
<subfield code="3">Inhaltstext</subfield>
</datafield>
<datafield ind1="1" ind2=" " tag="970">
<subfield code="c">56</subfield>
</datafield>
<datafield ind1="0" ind2=" " tag="980">
<subfield code="a">DNB</subfield>
<subfield code="9">LOCAL</subfield>
</datafield>
<datafield ind1=" " ind2=" " tag="982">
<subfield code="f">Deutsch</subfield>
<subfield code="9">LOCAL</subfield>
</datafield>
<datafield ind1=" " ind2=" " tag="AVA">
<subfield code="0">990038910480603338</subfield>
<subfield code="8">22314513490003338</subfield>
<subfield code="a">43ACC_ONB</subfield>
<subfield code="b">ZNEU</subfield>
<subfield code="c">Main Stacks at Heldenplatz (MAG)</subfield>
<subfield code="d">1976707-B</subfield>
<subfield code="e">available</subfield>
<subfield code="f">1</subfield>
<subfield code="g">0</subfield>
<subfield code="j">MAG</subfield>
<subfield code="p">1</subfield>
<subfield code="q">Central Service Facility at Heldenplatz</subfield>
</datafield>
</record>
</recordData>
<recordIdentifier>990038910480603338</recordIdentifier>
<recordPosition>5</recordPosition>
</record>