
<record>
<recordSchema>marcxml</recordSchema>
<recordPacking>xml</recordPacking>
<recordData>
<record xmlns="http://www.loc.gov/MARC21/slim">
<leader>01368nam a2200397 c 4500</leader>
<controlfield tag="001">9958505677803338</controlfield>
<controlfield tag="005">20191029132559.0</controlfield>
<controlfield tag="007">tu</controlfield>
<controlfield tag="008">180710|2018 ||| ||| | fre c</controlfield>
<controlfield tag="009">AC15090720</controlfield>
<datafield ind1=" " ind2=" " tag="015">
<subfield code="a">OeBC</subfield>
<subfield code="2">oeb</subfield>
</datafield>
<datafield ind1=" " ind2=" " tag="020">
<subfield code="a">9782351281475</subfield>
<subfield code="c">Broschur</subfield>
</datafield>
<datafield ind1=" " ind2=" " tag="035">
<subfield code="a">(AT-OBV)AC15090720</subfield>
</datafield>
<datafield ind1=" " ind2=" " tag="035">
<subfield code="a">(DE-599)OBVAC15090720</subfield>
</datafield>
<datafield ind1=" " ind2=" " tag="035">
<subfield code="a">(EXLNZ-43ACC_NETWORK)99144748009203331</subfield>
</datafield>
<datafield ind1=" " ind2=" " tag="040">
<subfield code="a">AT-OeNB</subfield>
<subfield code="d">AT-OBV</subfield>
<subfield code="e">rda</subfield>
</datafield>
<datafield ind1=" " ind2=" " tag="041">
<subfield code="a">fre</subfield>
<subfield code="a">ger</subfield>
<subfield code="h">ger</subfield>
</datafield>
<datafield ind1=" " ind2=" " tag="044">
<subfield code="c">XA-FR</subfield>
</datafield>
<datafield ind1=" " ind2=" " tag="084">
<subfield code="a">18.10</subfield>
<subfield code="2">bkl</subfield>
</datafield>
<datafield ind1=" " ind2=" " tag="084">
<subfield code="a">17.97</subfield>
<subfield code="2">bkl</subfield>
</datafield>
<datafield ind1=" " ind2=" " tag="084">
<subfield code="a">GM 6272</subfield>
<subfield code="2">rvk</subfield>
</datafield>
<datafield ind1=" " ind2=" " tag="084">
<subfield code="a">GM 6273</subfield>
<subfield code="2">rvk</subfield>
</datafield>
<datafield ind1="1" ind2=" " tag="100">
<subfield code="a">Trakl, Georg</subfield>
<subfield code="d">1887-1914</subfield>
<subfield code="0">(DE-588)118623575</subfield>
<subfield code="4">aut</subfield>
</datafield>
<datafield ind1="1" ind2="0" tag="245">
<subfield code="a">
... Et des soleils éternellement recommencés nous accomplissent
</subfield>
<subfield code="b">poèmes</subfield>
<subfield code="c">
Georg Trakl ; traduction Éric Hupel et Jutta von Ochsenstein-Nick ;encres Alexandre Yterce
</subfield>
</datafield>
<datafield ind1=" " ind2="1" tag="264">
<subfield code="a">Montélimar (Drôme)</subfield>
<subfield code="b">Voix d'encre</subfield>
<subfield code="c">[2018]</subfield>
</datafield>
<datafield ind1=" " ind2=" " tag="300">
<subfield code="a">99 Seiten</subfield>
<subfield code="b">Illustrationen</subfield>
</datafield>
<datafield ind1=" " ind2=" " tag="336">
<subfield code="b">txt</subfield>
</datafield>
<datafield ind1=" " ind2=" " tag="337">
<subfield code="b">n</subfield>
</datafield>
<datafield ind1=" " ind2=" " tag="338">
<subfield code="b">nc</subfield>
</datafield>
<datafield ind1=" " ind2=" " tag="500">
<subfield code="a">
"Les trente premiers exemplaires signés et marqués de I à XXX comportent une sérigraphie originale d'Alexandre Yterce."
</subfield>
</datafield>
<datafield ind1=" " ind2=" " tag="546">
<subfield code="a">Text deutsch und französisch</subfield>
</datafield>
<datafield ind1=" " ind2="7" tag="655">
<subfield code="a">Anthologie</subfield>
<subfield code="0">(DE-588)4002214-6</subfield>
<subfield code="2">gnd-content</subfield>
</datafield>
<datafield ind1=" " ind2="7" tag="655">
<subfield code="a">Gedicht</subfield>
<subfield code="2">bellobv</subfield>
</datafield>
<datafield ind1="1" ind2=" " tag="700">
<subfield code="a">Hupel, Eric</subfield>
<subfield code="4">trl</subfield>
</datafield>
<datafield ind1="1" ind2=" " tag="700">
<subfield code="a">Ochsenstein-Nick, Jutta</subfield>
<subfield code="4">trl</subfield>
</datafield>
<datafield ind1="1" ind2=" " tag="700">
<subfield code="a">Yterce, Alexandre</subfield>
<subfield code="d">1959-</subfield>
<subfield code="0">(DE-588)123924510</subfield>
<subfield code="4">ill</subfield>
</datafield>
<datafield ind1="1" ind2=" " tag="970">
<subfield code="c">56</subfield>
</datafield>
<datafield ind1="2" ind2=" " tag="970">
<subfield code="a">AT-OeNB</subfield>
</datafield>
<datafield ind1=" " ind2=" " tag="982">
<subfield code="f">Deutsch o</subfield>
<subfield code="9">local</subfield>
</datafield>
<datafield ind1=" " ind2=" " tag="982">
<subfield code="f">Französisch ü</subfield>
<subfield code="9">local</subfield>
</datafield>
<datafield ind1=" " ind2=" " tag="988">
<subfield code="a">ONBTIU</subfield>
<subfield code="9">local</subfield>
</datafield>
<datafield ind1=" " ind2=" " tag="AVA">
<subfield code="0">9958505677803338</subfield>
<subfield code="8">22398368830003338</subfield>
<subfield code="a">43ACC_ONB</subfield>
<subfield code="b">ZNEU</subfield>
<subfield code="c">Main Stacks at Heldenplatz (MAG)</subfield>
<subfield code="d">2124698-B</subfield>
<subfield code="e">available</subfield>
<subfield code="f">1</subfield>
<subfield code="g">0</subfield>
<subfield code="j">MAG</subfield>
<subfield code="p">1</subfield>
<subfield code="q">Central Service Facility at Heldenplatz</subfield>
</datafield>
</record>
</recordData>
<recordIdentifier>9958505677803338</recordIdentifier>
<recordPosition>6</recordPosition>
</record>