
<record>
<recordSchema>marcxml</recordSchema>
<recordPacking>xml</recordPacking>
<recordData>
<record xmlns="http://www.loc.gov/MARC21/slim">
<leader>01537nam a2200481 c 4500</leader>
<controlfield tag="001">990050244650603338</controlfield>
<controlfield tag="005">20231207193626.0</controlfield>
<controlfield tag="007">tu</controlfield>
<controlfield tag="008">170317|2017####|||###########|||#|#rus#c</controlfield>
<controlfield tag="009">AC13484760</controlfield>
<datafield ind1=" " ind2=" " tag="015">
<subfield code="a">OeBC</subfield>
<subfield code="2">oeb</subfield>
</datafield>
<datafield ind1="7" ind2=" " tag="016">
<subfield code="a">1125548274</subfield>
<subfield code="2">DE-101b</subfield>
</datafield>
<datafield ind1=" " ind2=" " tag="020">
<subfield code="a">9783743109292</subfield>
</datafield>
<datafield ind1=" " ind2=" " tag="020">
<subfield code="a">3743109298</subfield>
</datafield>
<datafield ind1=" " ind2=" " tag="035">
<subfield code="a">(AT-OBV)AC13484760</subfield>
</datafield>
<datafield ind1=" " ind2=" " tag="035">
<subfield code="a">AC13484760</subfield>
</datafield>
<datafield ind1=" " ind2=" " tag="035">
<subfield code="a">(Aleph)013326772ACC01</subfield>
</datafield>
<datafield ind1=" " ind2=" " tag="035">
<subfield code="a">(DE-599)DNB1125548274</subfield>
</datafield>
<datafield ind1=" " ind2=" " tag="035">
<subfield code="a">(EXLNZ-43ACC_NETWORK)990133267720203331</subfield>
</datafield>
<datafield ind1=" " ind2=" " tag="040">
<subfield code="a">ONB</subfield>
<subfield code="b">ger</subfield>
<subfield code="c">DNB</subfield>
<subfield code="d">AT-OBV</subfield>
<subfield code="e">rda</subfield>
</datafield>
<datafield ind1=" " ind2=" " tag="041">
<subfield code="a">rus</subfield>
<subfield code="h">ger</subfield>
</datafield>
<datafield ind1=" " ind2=" " tag="044">
<subfield code="c">XA-DE-SH</subfield>
</datafield>
<datafield ind1=" " ind2=" " tag="084">
<subfield code="a">18.10</subfield>
<subfield code="2">bkl</subfield>
</datafield>
<datafield ind1=" " ind2=" " tag="084">
<subfield code="a">17.98</subfield>
<subfield code="2">bkl</subfield>
</datafield>
<datafield ind1="0" ind2="0" tag="245">
<subfield code="a">... Na bereg ticho vybralas' lubov' ...</subfield>
<subfield code="b">ljubovnaja lirika</subfield>
<subfield code="c">
Übersetzungen : Diana Wiedra ; Herausgeberin: Diana Wiedra
</subfield>
</datafield>
<datafield ind1=" " ind2="1" tag="264">
<subfield code="a">Norderstedt</subfield>
<subfield code="b">BoD - Books on Demand</subfield>
<subfield code="c">[2017]</subfield>
</datafield>
<datafield ind1=" " ind2=" " tag="300">
<subfield code="a">208 Seiten</subfield>
<subfield code="c">19 cm x 12 cm</subfield>
</datafield>
<datafield ind1=" " ind2=" " tag="336">
<subfield code="b">txt</subfield>
</datafield>
<datafield ind1=" " ind2=" " tag="337">
<subfield code="b">n</subfield>
</datafield>
<datafield ind1=" " ind2=" " tag="338">
<subfield code="b">nc</subfield>
</datafield>
<datafield ind1=" " ind2=" " tag="653">
<subfield code="a">Sophia Benedict</subfield>
</datafield>
<datafield ind1=" " ind2=" " tag="653">
<subfield code="a">Wiener Autoren</subfield>
</datafield>
<datafield ind1=" " ind2=" " tag="653">
<subfield code="a">Diana Wiedra</subfield>
</datafield>
<datafield ind1=" " ind2=" " tag="653">
<subfield code="a">Lyrik</subfield>
</datafield>
<datafield ind1=" " ind2="7" tag="655">
<subfield code="a">Anthologie</subfield>
<subfield code="0">(DE-588)4002214-6</subfield>
<subfield code="2">gnd-content</subfield>
</datafield>
<datafield ind1=" " ind2="7" tag="655">
<subfield code="a">Gedicht</subfield>
<subfield code="2">bellobv</subfield>
</datafield>
<datafield ind1="0" ind2="0" tag="689">
<subfield code="a">Österreich</subfield>
<subfield code="D">g</subfield>
<subfield code="0">(DE-588)4043271-3</subfield>
</datafield>
<datafield ind1="0" ind2="1" tag="689">
<subfield code="a">Lyrik</subfield>
<subfield code="D">s</subfield>
<subfield code="0">(DE-588)4036774-5</subfield>
</datafield>
<datafield ind1="0" ind2="2" tag="689">
<subfield code="a">Geschichte 1990-2015</subfield>
<subfield code="A">z</subfield>
</datafield>
<datafield ind1="0" ind2=" " tag="689">
<subfield code="5">AT-OBV</subfield>
<subfield code="5">ONBJST</subfield>
</datafield>
<datafield ind1="1" ind2=" " tag="700">
<subfield code="a">Wiedra, Diana</subfield>
<subfield code="4">edt</subfield>
</datafield>
<datafield ind1="2" ind2=" " tag="710">
<subfield code="a">Books on Demand GmbH</subfield>
<subfield code="g">Norderstedt</subfield>
<subfield code="0">(DE-588)10068934-6</subfield>
<subfield code="4">pbl</subfield>
</datafield>
<datafield ind1="4" ind2="2" tag="856">
<subfield code="m">X:MVB</subfield>
<subfield code="q">text/html</subfield>
<subfield code="3">Inhaltstext</subfield>
</datafield>
<datafield ind1="1" ind2=" " tag="970">
<subfield code="c">56</subfield>
</datafield>
<datafield ind1="0" ind2=" " tag="980">
<subfield code="a">DNB</subfield>
<subfield code="9">LOCAL</subfield>
</datafield>
<datafield ind1=" " ind2=" " tag="982">
<subfield code="f">Deutsch o</subfield>
<subfield code="9">LOCAL</subfield>
</datafield>
<datafield ind1=" " ind2=" " tag="982">
<subfield code="f">Russisch ü</subfield>
<subfield code="9">LOCAL</subfield>
</datafield>
<datafield ind1=" " ind2=" " tag="AVA">
<subfield code="0">990050244650603338</subfield>
<subfield code="8">22306057540003338</subfield>
<subfield code="a">43ACC_ONB</subfield>
<subfield code="b">ZNEU</subfield>
<subfield code="c">Main Stacks at Heldenplatz (MAG)</subfield>
<subfield code="d">2095021-B</subfield>
<subfield code="e">available</subfield>
<subfield code="f">1</subfield>
<subfield code="g">0</subfield>
<subfield code="j">MAG</subfield>
<subfield code="p">1</subfield>
<subfield code="q">Central Service Facility at Heldenplatz</subfield>
</datafield>
</record>
</recordData>
<recordIdentifier>990050244650603338</recordIdentifier>
<recordPosition>7</recordPosition>
</record>