
<record>
<recordSchema>marcxml</recordSchema>
<recordPacking>xml</recordPacking>
<recordData>
<record xmlns="http://www.loc.gov/MARC21/slim">
<leader>00943nam a2200325 c 4500</leader>
<controlfield tag="001">990038563780603338</controlfield>
<controlfield tag="005">20230708210916.0</controlfield>
<controlfield tag="007">tu</controlfield>
<controlfield tag="008">111214|2011####|||###########|||#|#fre#c</controlfield>
<controlfield tag="009">AC08846688</controlfield>
<datafield ind1=" " ind2=" " tag="015">
<subfield code="a">OeBC</subfield>
<subfield code="2">oeb</subfield>
</datafield>
<datafield ind1=" " ind2=" " tag="020">
<subfield code="a">9782916928180</subfield>
</datafield>
<datafield ind1=" " ind2=" " tag="035">
<subfield code="a">(AT-OBV)AC08846688</subfield>
</datafield>
<datafield ind1=" " ind2=" " tag="035">
<subfield code="a">AC08846688</subfield>
</datafield>
<datafield ind1=" " ind2=" " tag="035">
<subfield code="a">(Aleph)008835119ACC01</subfield>
</datafield>
<datafield ind1=" " ind2=" " tag="035">
<subfield code="a">(DE-599)OBVAC08846688</subfield>
</datafield>
<datafield ind1=" " ind2=" " tag="035">
<subfield code="a">(EXLNZ-43ACC_NETWORK)990088351190203331</subfield>
</datafield>
<datafield ind1=" " ind2=" " tag="040">
<subfield code="a">BMA</subfield>
<subfield code="b">ger</subfield>
<subfield code="d">AT-OBV</subfield>
<subfield code="e">rakwb</subfield>
</datafield>
<datafield ind1=" " ind2=" " tag="041">
<subfield code="a">fre</subfield>
</datafield>
<datafield ind1=" " ind2=" " tag="044">
<subfield code="c">XA-FR</subfield>
</datafield>
<datafield ind1=" " ind2=" " tag="084">
<subfield code="a">18.10</subfield>
<subfield code="2">bkl</subfield>
</datafield>
<datafield ind1=" " ind2=" " tag="084">
<subfield code="a">17.97</subfield>
<subfield code="2">bkl</subfield>
</datafield>
<datafield ind1="1" ind2=" " tag="100">
<subfield code="a">Stift, Linda</subfield>
<subfield code="d">1969-</subfield>
<subfield code="0">(DE-588)121570789</subfield>
<subfield code="4">aut</subfield>
</datafield>
<datafield ind1="1" ind2="0" tag="240">
<subfield code="a">Stierhunger</subfield>
<subfield code="l">franz.</subfield>
</datafield>
<datafield ind1="1" ind2="0" tag="245">
<subfield code="a">... plus gros que le ventre</subfield>
<subfield code="c">
Linda Stift. Trad. de l'allemand (Autriche) par Odile Vandermeersch et Chantal Niebisch
</subfield>
</datafield>
<datafield ind1=" " ind2="1" tag="264">
<subfield code="a">Nancy</subfield>
<subfield code="b">Absalon</subfield>
<subfield code="c">2011</subfield>
</datafield>
<datafield ind1=" " ind2=" " tag="300">
<subfield code="a">186 S.</subfield>
</datafield>
<datafield ind1="0" ind2=" " tag="490">
<subfield code="a">Collection "K. 620"</subfield>
</datafield>
<datafield ind1=" " ind2="7" tag="655">
<subfield code="a">Roman</subfield>
<subfield code="2">bellobv</subfield>
</datafield>
<datafield ind1="1" ind2=" " tag="700">
<subfield code="a">Vandermeersch, Odile</subfield>
<subfield code="0">(DE-588)143106783</subfield>
<subfield code="4">trl</subfield>
</datafield>
<datafield ind1="1" ind2=" " tag="970">
<subfield code="c">56</subfield>
</datafield>
<datafield ind1=" " ind2=" " tag="982">
<subfield code="f">Deutsch o</subfield>
<subfield code="9">LOCAL</subfield>
</datafield>
<datafield ind1=" " ind2=" " tag="982">
<subfield code="f">Französisch ü</subfield>
<subfield code="9">LOCAL</subfield>
</datafield>
<datafield ind1=" " ind2=" " tag="AVA">
<subfield code="0">990038563780603338</subfield>
<subfield code="8">22328155540003338</subfield>
<subfield code="a">43ACC_ONB</subfield>
<subfield code="b">ZNEU</subfield>
<subfield code="c">Main Stacks at Heldenplatz (MAG)</subfield>
<subfield code="d">1969333-B</subfield>
<subfield code="e">available</subfield>
<subfield code="f">1</subfield>
<subfield code="g">0</subfield>
<subfield code="j">MAG</subfield>
<subfield code="p">1</subfield>
<subfield code="q">Central Service Facility at Heldenplatz</subfield>
</datafield>
</record>
</recordData>
<recordIdentifier>990038563780603338</recordIdentifier>
<recordPosition>8</recordPosition>
</record>