
<record>
<recordSchema>marcxml</recordSchema>
<recordPacking>xml</recordPacking>
<recordData>
<record xmlns="http://www.loc.gov/MARC21/slim">
<leader>01195cam a2200397 c 4500</leader>
<controlfield tag="001">990047341330603338</controlfield>
<controlfield tag="005">20230706190752.0</controlfield>
<controlfield tag="007">tu</controlfield>
<controlfield tag="008">150527|2014####|||###########|||#|#ger#c</controlfield>
<controlfield tag="009">AC12285134</controlfield>
<datafield ind1=" " ind2=" " tag="015">
<subfield code="z">14,N36</subfield>
<subfield code="2">dnb</subfield>
</datafield>
<datafield ind1=" " ind2=" " tag="015">
<subfield code="a">15,A10</subfield>
<subfield code="2">dnb</subfield>
</datafield>
<datafield ind1=" " ind2=" " tag="015">
<subfield code="a">OeBC</subfield>
<subfield code="2">oeb</subfield>
</datafield>
<datafield ind1="7" ind2=" " tag="016">
<subfield code="a">1056978023</subfield>
<subfield code="2">DE-101b</subfield>
</datafield>
<datafield ind1=" " ind2=" " tag="020">
<subfield code="a">9783868065268</subfield>
<subfield code="c">kart. : EUR 14.50 (DE)</subfield>
</datafield>
<datafield ind1="3" ind2=" " tag="024">
<subfield code="a">9783868065268</subfield>
</datafield>
<datafield ind1=" " ind2=" " tag="035">
<subfield code="a">(AT-OBV)AC12285134</subfield>
</datafield>
<datafield ind1=" " ind2=" " tag="035">
<subfield code="a">AC12285134</subfield>
</datafield>
<datafield ind1=" " ind2=" " tag="035">
<subfield code="a">(Aleph)012182021ACC01</subfield>
</datafield>
<datafield ind1=" " ind2=" " tag="035">
<subfield code="a">(DE-599)DNB1056978023</subfield>
</datafield>
<datafield ind1=" " ind2=" " tag="035">
<subfield code="a">(EXLNZ-43ACC_NETWORK)990121820210203331</subfield>
</datafield>
<datafield ind1=" " ind2=" " tag="040">
<subfield code="a">ONB</subfield>
<subfield code="b">ger</subfield>
<subfield code="c">DNB</subfield>
<subfield code="d">AT-OBV</subfield>
<subfield code="e">rakddb</subfield>
</datafield>
<datafield ind1=" " ind2=" " tag="041">
<subfield code="a">ger</subfield>
</datafield>
<datafield ind1=" " ind2=" " tag="044">
<subfield code="c">XA-DE-NW</subfield>
</datafield>
<datafield ind1=" " ind2=" " tag="084">
<subfield code="a">830</subfield>
<subfield code="a">B</subfield>
<subfield code="q">DE-101</subfield>
<subfield code="2">sdnb</subfield>
</datafield>
<datafield ind1=" " ind2=" " tag="084">
<subfield code="a">18.10</subfield>
<subfield code="2">bkl</subfield>
</datafield>
<datafield ind1=" " ind2=" " tag="084">
<subfield code="a">17.97</subfield>
<subfield code="2">bkl</subfield>
</datafield>
<datafield ind1="1" ind2=" " tag="100">
<subfield code="a">Heller, Maria</subfield>
<subfield code="4">aut</subfield>
</datafield>
<datafield ind1="1" ind2="0" tag="245">
<subfield code="a">… und ich wollte leben</subfield>
<subfield code="c">Maria Heller</subfield>
</datafield>
<datafield ind1=" " ind2="1" tag="264">
<subfield code="a">Willebadessen</subfield>
<subfield code="b">Zwiebelzwerg-Verl.</subfield>
<subfield code="c">2014</subfield>
</datafield>
<datafield ind1=" " ind2=" " tag="300">
<subfield code="a">170 S.</subfield>
<subfield code="c">21 cm</subfield>
</datafield>
<datafield ind1=" " ind2="7" tag="655">
<subfield code="a">Autobiografische Erzählung</subfield>
<subfield code="2">bellobv</subfield>
</datafield>
<datafield ind1="0" ind2="0" tag="689">
<subfield code="a">Kindesmisshandlung</subfield>
<subfield code="D">s</subfield>
<subfield code="0">(DE-588)4030650-1</subfield>
</datafield>
<datafield ind1="0" ind2="1" tag="689">
<subfield code="a">Erlebnisbericht</subfield>
<subfield code="A">f</subfield>
</datafield>
<datafield ind1="0" ind2=" " tag="689">
<subfield code="5">AT-OBV</subfield>
<subfield code="5">ONBTIU</subfield>
</datafield>
<datafield ind1="4" ind2="2" tag="856">
<subfield code="m">B:DE-101</subfield>
<subfield code="q">application/pdf</subfield>
<subfield code="u">http://d-nb.info/1056978023/04</subfield>
<subfield code="x">DNB-TOC</subfield>
<subfield code="3">Inhaltsverzeichnis</subfield>
<subfield code="o">OBV-EDOC-DNBTOC</subfield>
</datafield>
<datafield ind1="1" ind2=" " tag="970">
<subfield code="c">56</subfield>
</datafield>
<datafield ind1="0" ind2=" " tag="980">
<subfield code="a">DNB</subfield>
<subfield code="9">LOCAL</subfield>
</datafield>
<datafield ind1=" " ind2=" " tag="982">
<subfield code="f">Deutsch</subfield>
<subfield code="9">LOCAL</subfield>
</datafield>
<datafield ind1=" " ind2=" " tag="AVA">
<subfield code="0">990047341330603338</subfield>
<subfield code="8">22304661250003338</subfield>
<subfield code="a">43ACC_ONB</subfield>
<subfield code="b">ZNEU</subfield>
<subfield code="c">Main Stacks at Heldenplatz (MAG)</subfield>
<subfield code="d">2053511-B</subfield>
<subfield code="e">available</subfield>
<subfield code="f">1</subfield>
<subfield code="g">0</subfield>
<subfield code="j">MAG</subfield>
<subfield code="p">1</subfield>
<subfield code="q">Central Service Facility at Heldenplatz</subfield>
</datafield>
</record>
</recordData>
<recordIdentifier>990047341330603338</recordIdentifier>
<recordPosition>9</recordPosition>
</record>