
<record>
<recordSchema>marcxml</recordSchema>
<recordPacking>xml</recordPacking>
<recordData>
<record xmlns="http://www.loc.gov/MARC21/slim">
<leader>01980nam a2200637 c 4500</leader>
<controlfield tag="001">9958554943003338</controlfield>
<controlfield tag="005">20191111154714.0</controlfield>
<controlfield tag="007">tu</controlfield>
<controlfield tag="008">190515s2019 |||||||| |||| 00||||ger</controlfield>
<controlfield tag="009">AC15406532</controlfield>
<datafield ind1=" " ind2=" " tag="015">
<subfield code="a">OeBC</subfield>
<subfield code="2">oeb</subfield>
</datafield>
<datafield ind1=" " ind2=" " tag="015">
<subfield code="a">19,A46</subfield>
<subfield code="z">19,N21</subfield>
<subfield code="2">dnb</subfield>
</datafield>
<datafield ind1="7" ind2=" " tag="016">
<subfield code="a">1186161663</subfield>
<subfield code="2">DE-101</subfield>
</datafield>
<datafield ind1=" " ind2=" " tag="020">
<subfield code="a">9783746254890</subfield>
<subfield code="c">
Festeinband : circa EUR 8.95 (DE), circa EUR 8.95 (AT)
</subfield>
</datafield>
<datafield ind1=" " ind2=" " tag="020">
<subfield code="a">3746254892</subfield>
</datafield>
<datafield ind1="3" ind2=" " tag="024">
<subfield code="a">9783746254890</subfield>
</datafield>
<datafield ind1="5" ind2="2" tag="028">
<subfield code="a">Bestellnummer: 054890</subfield>
</datafield>
<datafield ind1=" " ind2=" " tag="035">
<subfield code="a">(AT-OBV)AC15406532</subfield>
</datafield>
<datafield ind1=" " ind2=" " tag="035">
<subfield code="a">(DE-599)DNB1186161663</subfield>
</datafield>
<datafield ind1=" " ind2=" " tag="035">
<subfield code="a">(OCoLC)1102304739</subfield>
</datafield>
<datafield ind1=" " ind2=" " tag="035">
<subfield code="a">(DE-101)1186161663</subfield>
</datafield>
<datafield ind1=" " ind2=" " tag="035">
<subfield code="a">oai:dnb.de/dnb/1186161663</subfield>
</datafield>
<datafield ind1=" " ind2=" " tag="035">
<subfield code="a">(EXLNZ-43ACC_NETWORK)99144974359003331</subfield>
</datafield>
<datafield ind1=" " ind2=" " tag="040">
<subfield code="a">AT-OeNB</subfield>
<subfield code="b">ger</subfield>
<subfield code="c">DE-101</subfield>
<subfield code="d">AT-OBV</subfield>
</datafield>
<datafield ind1=" " ind2=" " tag="041">
<subfield code="a">ger</subfield>
</datafield>
<datafield ind1=" " ind2=" " tag="044">
<subfield code="c">XA-DE</subfield>
</datafield>
<datafield ind1=" " ind2=" " tag="084">
<subfield code="a">830</subfield>
<subfield code="a">B</subfield>
<subfield code="q">DE-101</subfield>
<subfield code="2">sdnb</subfield>
</datafield>
<datafield ind1=" " ind2=" " tag="084">
<subfield code="a">18.10</subfield>
<subfield code="2">bkl</subfield>
</datafield>
<datafield ind1=" " ind2=" " tag="084">
<subfield code="a">17.97</subfield>
<subfield code="2">bkl</subfield>
</datafield>
<datafield ind1="1" ind2=" " tag="100">
<subfield code="a">Rilke, Rainer Maria</subfield>
<subfield code="d">1875-1926</subfield>
<subfield code="0">(DE-588)118601024</subfield>
<subfield code="4">aut</subfield>
</datafield>
<datafield ind1="1" ind2="0" tag="245">
<subfield code="a">… und stille wird ein jedes Haus</subfield>
<subfield code="b">Weihnachtslesebuch</subfield>
<subfield code="c">Rainer Maria Rilke</subfield>
</datafield>
<datafield ind1=" " ind2=" " tag="250">
<subfield code="a">ungekürzte Ausgabe</subfield>
</datafield>
<datafield ind1=" " ind2="1" tag="264">
<subfield code="a">Leipzig</subfield>
<subfield code="b">St. Benno</subfield>
<subfield code="c">2019</subfield>
</datafield>
<datafield ind1=" " ind2=" " tag="300">
<subfield code="a">120 Seiten</subfield>
<subfield code="b">mit zahlreichen Farbabbildungen</subfield>
<subfield code="c">15.5 cm x 10.5 cm</subfield>
</datafield>
<datafield ind1=" " ind2=" " tag="336">
<subfield code="b">txt</subfield>
</datafield>
<datafield ind1=" " ind2=" " tag="337">
<subfield code="b">n</subfield>
</datafield>
<datafield ind1=" " ind2=" " tag="338">
<subfield code="b">nc</subfield>
</datafield>
<datafield ind1=" " ind2=" " tag="653">
<subfield code="a">Advent</subfield>
</datafield>
<datafield ind1=" " ind2=" " tag="653">
<subfield code="a">Gedichte</subfield>
</datafield>
<datafield ind1=" " ind2=" " tag="653">
<subfield code="a">Lesebuch</subfield>
</datafield>
<datafield ind1=" " ind2=" " tag="653">
<subfield code="a">Lyrik</subfield>
</datafield>
<datafield ind1=" " ind2=" " tag="653">
<subfield code="a">Rilke</subfield>
</datafield>
<datafield ind1=" " ind2=" " tag="653">
<subfield code="a">Weihnachten</subfield>
</datafield>
<datafield ind1=" " ind2=" " tag="653">
<subfield code="a">Winter</subfield>
</datafield>
<datafield ind1=" " ind2=" " tag="653">
<subfield code="a">Hardcover, Softcover / Belletristik/Anthologien</subfield>
</datafield>
<datafield ind1=" " ind2="7" tag="655">
<subfield code="a">Erzählende Literatur: Anthologien</subfield>
<subfield code="2">gatbeg</subfield>
</datafield>
<datafield ind1=" " ind2="7" tag="655">
<subfield code="a">Anthologie</subfield>
<subfield code="0">(DE-588)4002214-6</subfield>
<subfield code="2">gnd-content</subfield>
</datafield>
<datafield ind1=" " ind2="7" tag="655">
<subfield code="a">Gedicht</subfield>
<subfield code="2">bellobv</subfield>
</datafield>
<datafield ind1=" " ind2="7" tag="655">
<subfield code="a">Kurzprosa</subfield>
<subfield code="2">bellobv</subfield>
</datafield>
<datafield ind1="0" ind2="0" tag="689">
<subfield code="a">Rilke, Rainer Maria</subfield>
<subfield code="d">1875-1926</subfield>
<subfield code="D">p</subfield>
<subfield code="0">(DE-588)118601024</subfield>
</datafield>
<datafield ind1="0" ind2="1" tag="689">
<subfield code="a">Weihnachten</subfield>
<subfield code="D">s</subfield>
<subfield code="0">(DE-588)4065075-3</subfield>
</datafield>
<datafield ind1="0" ind2=" " tag="689">
<subfield code="5">AT-OBV</subfield>
<subfield code="5">ONB</subfield>
</datafield>
<datafield ind1="0" ind2=" " tag="689">
<subfield code="5">AT-OBV</subfield>
<subfield code="5">ONB</subfield>
</datafield>
<datafield ind1="1" ind2=" " tag="700">
<subfield code="a">Bauch, Volker</subfield>
<subfield code="4">com</subfield>
</datafield>
<datafield ind1="0" ind2="0" tag="780">
<subfield code="i">Vorangegangen ist</subfield>
<subfield code="z">9783746247793</subfield>
</datafield>
<datafield ind1="4" ind2="2" tag="856">
<subfield code="m">B:DE-101</subfield>
<subfield code="q">application/pdf</subfield>
<subfield code="u">https://d-nb.info/1186161663/04</subfield>
<subfield code="3">Inhaltsverzeichnis</subfield>
</datafield>
<datafield ind1="4" ind2=" " tag="970">
<subfield code="b">DE-101</subfield>
</datafield>
<datafield ind1="2" ind2=" " tag="970">
<subfield code="a">AT-OeNB</subfield>
</datafield>
<datafield ind1="1" ind2=" " tag="970">
<subfield code="c">56</subfield>
</datafield>
<datafield ind1=" " ind2=" " tag="AVA">
<subfield code="0">9958554943003338</subfield>
<subfield code="8">22407115500003338</subfield>
<subfield code="a">43ACC_ONB</subfield>
<subfield code="b">ZNEU</subfield>
<subfield code="c">Main Stacks at Heldenplatz (MAG)</subfield>
<subfield code="d">2146920-A</subfield>
<subfield code="e">available</subfield>
<subfield code="f">1</subfield>
<subfield code="g">0</subfield>
<subfield code="j">MAG</subfield>
<subfield code="p">1</subfield>
<subfield code="q">Central Service Facility at Heldenplatz</subfield>
</datafield>
</record>
</recordData>
<recordIdentifier>9958554943003338</recordIdentifier>
<recordPosition>10</recordPosition>
</record>
</records>
<nextRecordPosition>11</nextRecordPosition>
<extraResponseData xmlns:xb="http://www.exlibris.com/repository/search/xmlbeans/">
<xb:exact>true</xb:exact>
<xb:responseDate>2024-04-15T11:39:49+0200</xb:responseDate>
</extraResponseData>
</searchRetrieveResponse>